<record><leader>00000cas a22000007a 4500</leader><controlfield tag="001">13336347</controlfield><controlfield tag="008">860324d18621866gauwr ne      0   a0eng d</controlfield><datafield ind1=" " ind2=" " tag="010"><subfield code="a">sn 86077124 </subfield></datafield><datafield ind1=" " ind2=" " tag="040"><subfield code="a">NDD</subfield><subfield code="b">eng</subfield><subfield code="c">NDD</subfield><subfield code="d">NPA</subfield><subfield code="d">PPM</subfield><subfield code="d">NLG</subfield><subfield code="d">NVK</subfield><subfield code="d">TGN</subfield><subfield code="d">OCL</subfield><subfield code="d">CVF</subfield><subfield code="d">GUA</subfield><subfield code="d">OCLCQ</subfield><subfield code="d">OCLCF</subfield><subfield code="d">OCLCO</subfield><subfield code="d">GUA</subfield><subfield code="d">OCL</subfield></datafield><datafield ind1=" " ind2=" " tag="019"><subfield code="a">5154505</subfield><subfield code="a">8062926</subfield><subfield code="a">166634590</subfield></datafield><datafield ind1="1" ind2=" " tag="029"><subfield code="a">AU@</subfield><subfield code="b">000026353881</subfield></datafield><datafield ind1=" " ind2=" " tag="042"><subfield code="a">msc</subfield></datafield><datafield ind1=" " ind2=" " tag="043"><subfield code="a">n-us-ga</subfield></datafield><datafield ind1=" " ind2="4" tag="050"><subfield code="a">AP2</subfield><subfield code="b">.C68</subfield></datafield><datafield ind1="0" ind2=" " tag="130"><subfield code="a">Countryman (Turnwold, Ga.)</subfield></datafield><datafield ind1="1" ind2="4" tag="245"><subfield code="a">The countryman.</subfield></datafield><datafield ind1=" " ind2=" " tag="260"><subfield code="a">Turnwold, Putnam County, Ga. :</subfield><subfield code="b">[J.A. Turner,</subfield><subfield code="c">1862-1866]</subfield></datafield><datafield ind1=" " ind2=" " tag="300"><subfield code="a">21 v. ;</subfield><subfield code="c">31 cm.</subfield></datafield><datafield ind1=" " ind2=" " tag="310"><subfield code="a">Weekly</subfield></datafield><datafield ind1="0" ind2=" " tag="362"><subfield code="a">Vol. 1, no. 1 (Mar. 4, 1862)-v. 21, no. 15 (May 8, 1866).</subfield></datafield><datafield ind1=" " ind2=" " tag="500"><subfield code="a">"Published in the Country, on a Southern Plantation, and Devoted to the Editor's Opinions." Cf. May 8, 1866, p. 120.</subfield></datafield><datafield ind1=" " ind2=" " tag="500"><subfield code="a">Issues for Nov. 10, 1862-[Dec. 22, 1862] include supplement titled: My grand-father's chair, by W. W. Turner.</subfield></datafield><datafield ind1=" " ind2=" " tag="500"><subfield code="a">Issues for April 26-May 17, June 7-June 28, July 19, Aug. 16, and Dec. 27, 1864, and Jan. 31, Feb. 28-Mar. 7, 1865 include supplement titled: The life of an American citizen : being the biography of William Turner, late of Putnam County, Georgia, by J. A. Turner.</subfield></datafield><datafield ind1=" " ind2=" " tag="500"><subfield code="a">Issues for May 17-June 14, July 26-Aug. 2, 1864 include supplement titled: First twelve months of the Third Georgia Regiment, by an ex-member.</subfield></datafield><datafield ind1=" " ind2=" " tag="515"><subfield code="a">Errors in year: Vol. 19, no. 1 (Jan. 5, 1864) misprinted (Jan. 5, 1863); v. 19, no. 2 (Jan. 12, 1864) misprinted (Jan. 12, 1863); v. 19, no. 3 (Jan. 19, 1864) misprinted (Jan. 19, 1863). The error is corrected with v. 19, no. 4 (Jan. 26, 1864).</subfield></datafield><datafield ind1=" " ind2=" " tag="530"><subfield code="a">Also on microfilm: Athens, Ga. : University of Georgia Libraries.</subfield></datafield><datafield ind1=" " ind2="0" tag="650"><subfield code="a">Plantation life</subfield><subfield code="z">Southern States</subfield><subfield code="v">Newspapers.</subfield></datafield><datafield ind1=" " ind2="0" tag="651"><subfield code="a">Putnam County (Ga.)</subfield><subfield code="v">Newspapers.</subfield></datafield><datafield ind1=" " ind2="4" tag="651"><subfield code="a">Turnwold (Ga.)</subfield><subfield code="v">Newspapers.</subfield></datafield><datafield ind1=" " ind2="7" tag="655"><subfield code="a">Newspapers.</subfield><subfield code="2">fast</subfield><subfield code="0">(OCoLC)fst01423814</subfield></datafield><datafield ind1=" " ind2="7" tag="650"><subfield code="a">Plantation life.</subfield><subfield code="2">fast</subfield><subfield code="0">(OCoLC)fst01065779</subfield></datafield><datafield ind1=" " ind2="7" tag="651"><subfield code="a">Georgia</subfield><subfield code="z">Putnam County.</subfield><subfield code="2">fast</subfield><subfield code="0">(OCoLC)fst01215791</subfield></datafield><datafield ind1=" " ind2="7" tag="651"><subfield code="a">Southern States.</subfield><subfield code="2">fast</subfield><subfield code="0">(OCoLC)fst01244550</subfield></datafield><datafield ind1="1" ind2=" " tag="700"><subfield code="a">Turner, J. A.</subfield><subfield code="q">(Joseph Addison),</subfield><subfield code="d">1826-1868,</subfield><subfield code="e">ed.</subfield></datafield><datafield ind1="1" ind2=" " tag="700"><subfield code="a">Turner, William,</subfield><subfield code="d">1787-1853.</subfield></datafield><datafield ind1=" " ind2=" " tag="752"><subfield code="a">United States</subfield><subfield code="b">Georgia</subfield><subfield code="c">Putnam</subfield><subfield code="d">Turnwold.</subfield></datafield></record>